%YAML 1.1
%TAG !u! tag:unity3d.com,2011:
--- !u!29 &1
OcclusionCullingSettings:
  m_ObjectHideFlags: 0
  serializedVersion: 2
  m_OcclusionBakeSettings:
    smallestOccluder: 5
    smallestHole: 0.25
    backfaceThreshold: 100
  m_SceneGUID: 00000000000000000000000000000000
  m_OcclusionCullingData: {fileID: 0}
--- !u!104 &2
RenderSettings:
  m_ObjectHideFlags: 0
  serializedVersion: 9
  m_Fog: 0
  m_FogColor: {r: 0.5, g: 0.5, b: 0.5, a: 1}
  m_FogMode: 3
  m_FogDensity: 0.01
  m_LinearFogStart: 0
  m_LinearFogEnd: 300
  m_AmbientSkyColor: {r: 0.212, g: 0.227, b: 0.259, a: 1}
  m_AmbientEquatorColor: {r: 0.114, g: 0.125, b: 0.133, a: 1}
  m_AmbientGroundColor: {r: 0.047, g: 0.043, b: 0.035, a: 1}
  m_AmbientIntensity: 1
  m_AmbientMode: 0
  m_SubtractiveShadowColor: {r: 0.42, g: 0.478, b: 0.627, a: 1}
  m_SkyboxMaterial: {fileID: 10304, guid: 0000000000000000f000000000000000, type: 0}
  m_HaloStrength: 0.5
  m_FlareStrength: 1
  m_FlareFadeSpeed: 3
  m_HaloTexture: {fileID: 0}
  m_SpotCookie: {fileID: 10001, guid: 0000000000000000e000000000000000, type: 0}
  m_DefaultReflectionMode: 0
  m_DefaultReflectionResolution: 128
  m_ReflectionBounces: 1
  m_ReflectionIntensity: 1
  m_CustomReflection: {fileID: 0}
  m_Sun: {fileID: 705507994}
  m_IndirectSpecularColor: {r: 0.44657898, g: 0.4964133, b: 0.5748178, a: 1}
  m_UseRadianceAmbientProbe: 0
--- !u!157 &3
LightmapSettings:
  m_ObjectHideFlags: 0
  serializedVersion: 12
  m_GIWorkflowMode: 1
  m_GISettings:
    serializedVersion: 2
    m_BounceScale: 1
    m_IndirectOutputScale: 1
    m_AlbedoBoost: 1
    m_EnvironmentLightingMode: 0
    m_EnableBakedLightmaps: 1
    m_EnableRealtimeLightmaps: 0
  m_LightmapEditorSettings:
    serializedVersion: 12
    m_Resolution: 2
    m_BakeResolution: 40
    m_AtlasSize: 1024
    m_AO: 0
    m_AOMaxDistance: 1
    m_CompAOExponent: 1
    m_CompAOExponentDirect: 0
    m_ExtractAmbientOcclusion: 0
    m_Padding: 2
    m_LightmapParameters: {fileID: 0}
    m_LightmapsBakeMode: 1
    m_TextureCompression: 1
    m_FinalGather: 0
    m_FinalGatherFiltering: 1
    m_FinalGatherRayCount: 256
    m_ReflectionCompression: 2
    m_MixedBakeMode: 2
    m_BakeBackend: 1
    m_PVRSampling: 1
    m_PVRDirectSampleCount: 32
    m_PVRSampleCount: 500
    m_PVRBounces: 2
    m_PVREnvironmentSampleCount: 500
    m_PVREnvironmentReferencePointCount: 2048
    m_PVRFilteringMode: 2
    m_PVRDenoiserTypeDirect: 0
    m_PVRDenoiserTypeIndirect: 0
    m_PVRDenoiserTypeAO: 0
    m_PVRFilterTypeDirect: 0
    m_PVRFilterTypeIndirect: 0
    m_PVRFilterTypeAO: 0
    m_PVREnvironmentMIS: 0
    m_PVRCulling: 1
    m_PVRFilteringGaussRadiusDirect: 1
    m_PVRFilteringGaussRadiusIndirect: 5
    m_PVRFilteringGaussRadiusAO: 2
    m_PVRFilteringAtrousPositionSigmaDirect: 0.5
    m_PVRFilteringAtrousPositionSigmaIndirect: 2
    m_PVRFilteringAtrousPositionSigmaAO: 1
    m_ExportTrainingData: 0
    m_TrainingDataDestination: TrainingData
    m_LightProbeSampleCountMultiplier: 4
  m_LightingDataAsset: {fileID: 0}
  m_LightingSettings: {fileID: 0}
--- !u!196 &4
NavMeshSettings:
  serializedVersion: 2
  m_ObjectHideFlags: 0
  m_BuildSettings:
    serializedVersion: 3
    agentTypeID: 0
    agentRadius: 0.5
    agentHeight: 2
    agentSlope: 45
    agentClimb: 0.4
    ledgeDropHeight: 0
    maxJumpAcrossDistance: 0
    minRegionArea: 2
    manualCellSize: 0
    cellSize: 0.16666667
    manualTileSize: 0
    tileSize: 256
    buildHeightMesh: 0
    maxJobWorkers: 0
    preserveTilesOutsideBounds: 0
    debug:
      m_Flags: 0
  m_NavMeshData: {fileID: 0}
--- !u!1 &475323762
GameObject:
  m_ObjectHideFlags: 0
  m_CorrespondingSourceObject: {fileID: 0}
  m_PrefabInstance: {fileID: 0}
  m_PrefabAsset: {fileID: 0}
  serializedVersion: 6
  m_Component:
  - component: {fileID: 475323764}
  - component: {fileID: 475323763}
  - component: {fileID: 475323765}
  m_Layer: 0
  m_Name: Grid
  m_TagString: Untagged
  m_Icon: {fileID: 0}
  m_NavMeshLayer: 0
  m_StaticEditorFlags: 0
  m_IsActive: 1
--- !u!156049354 &475323763
Grid:
  m_ObjectHideFlags: 0
  m_CorrespondingSourceObject: {fileID: 0}
  m_PrefabInstance: {fileID: 0}
  m_PrefabAsset: {fileID: 0}
  m_GameObject: {fileID: 475323762}
  m_Enabled: 1
  m_CellSize: {x: 0.8659766, y: 1, z: 1}
  m_CellGap: {x: 0, y: 0, z: 0}
  m_CellLayout: 1
  m_CellSwizzle: 0
--- !u!4 &475323764
Transform:
  m_ObjectHideFlags: 0
  m_CorrespondingSourceObject: {fileID: 0}
  m_PrefabInstance: {fileID: 0}
  m_PrefabAsset: {fileID: 0}
  m_GameObject: {fileID: 475323762}
  serializedVersion: 2
  m_LocalRotation: {x: 0, y: 0, z: 0, w: 1}
  m_LocalPosition: {x: 0, y: 0, z: 0}
  m_LocalScale: {x: 1, y: 1, z: 1}
  m_ConstrainProportionsScale: 0
  m_Children:
  - {fileID: 1080691361}
  m_Father: {fileID: 0}
  m_LocalEulerAnglesHint: {x: 0, y: 0, z: 0}
--- !u!114 &475323765
MonoBehaviour:
  m_ObjectHideFlags: 0
  m_CorrespondingSourceObject: {fileID: 0}
  m_PrefabInstance: {fileID: 0}
  m_PrefabAsset: {fileID: 0}
  m_GameObject: {fileID: 475323762}
  m_Enabled: 1
  m_EditorHideFlags: 0
  m_Script: {fileID: 11500000, guid: d5e3d16008b1a904fb4191255abea3d8, type: 3}
  m_Name: 
  m_EditorClassIdentifier: 
  exportPaths:
  - TestProceduralTextureFolder
  characterEdgePairs:
  - key: 48
    value: 0
  - key: 49
    value: 1
  iterations: 10
  constrainToRange: 0
  constraintMin: {x: 0, y: 0}
  constraintMax: {x: 5, y: 5}
  tilemap: {fileID: 1080691363}
  testingAdjacencyList:
  - {fileID: 11400000, guid: bc7ea2a5444fc2a4f82f4b856bb98638, type: 2}
  rotatableTiles: []
  masterTileList:
  - {fileID: 11400000, guid: a416b5a64dbc8cd4b8a7aa07bd2ebaba, type: 2}
  - {fileID: 11400000, guid: f15cc25d596c01d408556c6516990fbc, type: 2}
  - {fileID: 11400000, guid: 178b390a9841eac4780d909581452684, type: 2}
  - {fileID: 11400000, guid: e5a127327099009439b695f3d0222d38, type: 2}
  - {fileID: 11400000, guid: 0163caac6d6766a4390b6632d995cbba, type: 2}
  - {fileID: 11400000, guid: 6561315cecd1a1f44ad3b4aad97263fb, type: 2}
  - {fileID: 11400000, guid: 8b7dcdc968a0f0b48ae7594016e79942, type: 2}
  - {fileID: 11400000, guid: c7f0f300c3f9aba44818c81408ce82ec, type: 2}
  - {fileID: 11400000, guid: 3eda949a947023443b3157b84b26bafe, type: 2}
  - {fileID: 11400000, guid: 7ccc5e82e0a4a4c4583c4feed5ce610f, type: 2}
  - {fileID: 11400000, guid: 821e4bfbfaf6b82408f7f3dbd33c86f4, type: 2}
  - {fileID: 11400000, guid: b5b5a37e7e9c535498d3687e8a073269, type: 2}
  - {fileID: 11400000, guid: 71f894ec69d650349b366c59f519535c, type: 2}
  - {fileID: 11400000, guid: 9ed904f4b4e2f7746969e29acc4e2442, type: 2}
  - {fileID: 11400000, guid: 563a4380728684144b71a1bc2b4b9257, type: 2}
  - {fileID: 11400000, guid: 1e14ec472e5552a4ca5de832dc5d86bb, type: 2}
  - {fileID: 11400000, guid: 501f9374dfb170d4f85516e5bba8ff8c, type: 2}
  - {fileID: 11400000, guid: 193bf4c1a8e61aa499af0c1546333eeb, type: 2}
  - {fileID: 11400000, guid: 400ff68bf70501c4fb5105f598afe9c4, type: 2}
  - {fileID: 11400000, guid: 06e6ca2e31b239f44bfd15d2eb71b670, type: 2}
  - {fileID: 11400000, guid: 676fdbff0abc41c4493c91336ee915e6, type: 2}
  - {fileID: 11400000, guid: 8cad091d2c712954f80f4f697eeb148f, type: 2}
  - {fileID: 11400000, guid: d663e966343dde642af375d7541a4e90, type: 2}
  - {fileID: 11400000, guid: e4f05bb51cdba614f90de4f4184250b7, type: 2}
  - {fileID: 11400000, guid: 2d94c98e09d6afb42b070df8b293e6aa, type: 2}
  - {fileID: 11400000, guid: 6b170369a10e9b840b33de79aa922b07, type: 2}
  - {fileID: 11400000, guid: 065c2fbb138a9184bb2cee0d75cb2907, type: 2}
  - {fileID: 11400000, guid: f4b22e4c712d23a408e63be12b3608fa, type: 2}
  - {fileID: 11400000, guid: d9696702cc9d89b45a9e645eeb1584dd, type: 2}
  - {fileID: 11400000, guid: 33662db5130d2ec409037c593db9169e, type: 2}
  - {fileID: 11400000, guid: fc2325a7d94c91e479a4bb647c67a73b, type: 2}
  - {fileID: 11400000, guid: 1651bde614d2954489eb0766343506fa, type: 2}
  - {fileID: 11400000, guid: be1644a71128a5e4cbda6efa7a98058a, type: 2}
  - {fileID: 11400000, guid: 05d7537829d10764fa8e02f56704337f, type: 2}
  - {fileID: 11400000, guid: 0aa665b62d2c57046aeb8e4177efac09, type: 2}
  - {fileID: 11400000, guid: 9c8361368f6a1aa4ca70a56e4f945af5, type: 2}
  - {fileID: 11400000, guid: 119f1c958dd02364e8543e84cba3b5a0, type: 2}
  - {fileID: 11400000, guid: 61669811bd8686a499bd86ff27672c7b, type: 2}
  - {fileID: 11400000, guid: dbaa8cef24a49fc4c88f9315c0cce1d4, type: 2}
  - {fileID: 11400000, guid: f698b274737098b4c88877b340d58a29, type: 2}
  - {fileID: 11400000, guid: 842a4aa9187d612428f556407f47946f, type: 2}
  - {fileID: 11400000, guid: 799fe448dd90f1747a18e009b3b1e78f, type: 2}
  - {fileID: 11400000, guid: 6794c994547160a4792f635ecf8d9e07, type: 2}
  - {fileID: 11400000, guid: 7bf73c7fbe99079479265d172dbeb24f, type: 2}
  - {fileID: 11400000, guid: 41e672832e68ec844ae0222fde8ca931, type: 2}
  - {fileID: 11400000, guid: 0c4644b6cf7bacd419981d0b80223753, type: 2}
  - {fileID: 11400000, guid: 3b2da2cc2d01fca4a80bf7279e9c9b4a, type: 2}
  - {fileID: 11400000, guid: 9bc155f6a6b596f43b0a525624d25e15, type: 2}
  - {fileID: 11400000, guid: 37a2af4b25fef4d4dae4c7b0ab43768e, type: 2}
  - {fileID: 11400000, guid: a7a89a65e2bef4f43b3b3f282b80a7bc, type: 2}
  - {fileID: 11400000, guid: 7b2d971dbba66c14e8736e6a685aed47, type: 2}
  - {fileID: 11400000, guid: 61d7a95eeed112c42805aa560a8a3840, type: 2}
  - {fileID: 11400000, guid: 1f86b8da9b65c39439f8840df155708b, type: 2}
  - {fileID: 11400000, guid: 063484ef7c3b7184eb41269a87ff4d1f, type: 2}
  - {fileID: 11400000, guid: ca57bb9351eea2b41b4e1c1ec8997b85, type: 2}
  - {fileID: 11400000, guid: 2fcd51d1b6b41fe4cac13bd2e9780bd3, type: 2}
  - {fileID: 11400000, guid: 35b92244c6b92874384b6ab247eeee29, type: 2}
  - {fileID: 11400000, guid: 80d3e4606a867ad40ae51d984e2cd42b, type: 2}
  - {fileID: 11400000, guid: 8636d1f292ade6d49964601862fd61c1, type: 2}
  - {fileID: 11400000, guid: 2a2a478b79b0ed44daf2bac47c75bfb8, type: 2}
  - {fileID: 11400000, guid: 7d28decf91e0e6f4dab36c6ee952b3cf, type: 2}
  - {fileID: 11400000, guid: f2e9ed3978780d04db6e31dba8255532, type: 2}
  - {fileID: 11400000, guid: 0643de16b0bc55c49bb4b66b9458c40b, type: 2}
  - {fileID: 11400000, guid: 553fb13140369804aa74c5a656cb7c63, type: 2}
  masterAdjacenciesList:
  - tileType: {fileID: 11400000, guid: 6b390b80959018b459a882feeb645e81, type: 2}
    upperLeftNeighbors:
    - {fileID: 11400000, guid: 6b390b80959018b459a882feeb645e81, type: 2}
    - {fileID: 11400000, guid: c09bf8ee07c615b46a83ce556c30c7ec, type: 2}
    - {fileID: 11400000, guid: fe2c55cd5c54dd14bb238807ee25c5d8, type: 2}
    - {fileID: 11400000, guid: 9b895d31496a042489db60955c401b07, type: 2}
    middleLeftNeighbors:
    - {fileID: 11400000, guid: 6b390b80959018b459a882feeb645e81, type: 2}
    - {fileID: 11400000, guid: c09bf8ee07c615b46a83ce556c30c7ec, type: 2}
    - {fileID: 11400000, guid: fe2c55cd5c54dd14bb238807ee25c5d8, type: 2}
    - {fileID: 11400000, guid: 9b895d31496a042489db60955c401b07, type: 2}
    lowerLeftNeighbors:
    - {fileID: 11400000, guid: 6b390b80959018b459a882feeb645e81, type: 2}
    - {fileID: 11400000, guid: c09bf8ee07c615b46a83ce556c30c7ec, type: 2}
    - {fileID: 11400000, guid: fe2c55cd5c54dd14bb238807ee25c5d8, type: 2}
    - {fileID: 11400000, guid: 9b895d31496a042489db60955c401b07, type: 2}
    upperRightNeighbors:
    - {fileID: 11400000, guid: 6b390b80959018b459a882feeb645e81, type: 2}
    - {fileID: 11400000, guid: c09bf8ee07c615b46a83ce556c30c7ec, type: 2}
    - {fileID: 11400000, guid: fe2c55cd5c54dd14bb238807ee25c5d8, type: 2}
    - {fileID: 11400000, guid: 9b895d31496a042489db60955c401b07, type: 2}
    middleRightNeighbors:
    - {fileID: 11400000, guid: 6b390b80959018b459a882feeb645e81, type: 2}
    - {fileID: 11400000, guid: c09bf8ee07c615b46a83ce556c30c7ec, type: 2}
    - {fileID: 11400000, guid: fe2c55cd5c54dd14bb238807ee25c5d8, type: 2}
    - {fileID: 11400000, guid: 9b895d31496a042489db60955c401b07, type: 2}
    lowerRightNeighbors:
    - {fileID: 11400000, guid: 6b390b80959018b459a882feeb645e81, type: 2}
    - {fileID: 11400000, guid: c09bf8ee07c615b46a83ce556c30c7ec, type: 2}
    - {fileID: 11400000, guid: fe2c55cd5c54dd14bb238807ee25c5d8, type: 2}
    - {fileID: 11400000, guid: 9b895d31496a042489db60955c401b07, type: 2}
  - tileType: {fileID: 11400000, guid: fe2c55cd5c54dd14bb238807ee25c5d8, type: 2}
    upperLeftNeighbors:
    - {fileID: 11400000, guid: 6b390b80959018b459a882feeb645e81, type: 2}
    - {fileID: 11400000, guid: fe2c55cd5c54dd14bb238807ee25c5d8, type: 2}
    - {fileID: 11400000, guid: fe9f926ad152ea642937f2a60b5c8d51, type: 2}
    - {fileID: 11400000, guid: 213cfec65e3f7ec42bc4bfd35a8ca1d9, type: 2}
    middleLeftNeighbors:
    - {fileID: 11400000, guid: 6b390b80959018b459a882feeb645e81, type: 2}
    - {fileID: 11400000, guid: fe2c55cd5c54dd14bb238807ee25c5d8, type: 2}
    - {fileID: 11400000, guid: fe9f926ad152ea642937f2a60b5c8d51, type: 2}
    - {fileID: 11400000, guid: 213cfec65e3f7ec42bc4bfd35a8ca1d9, type: 2}
    lowerLeftNeighbors:
    - {fileID: 11400000, guid: 6b390b80959018b459a882feeb645e81, type: 2}
    - {fileID: 11400000, guid: fe2c55cd5c54dd14bb238807ee25c5d8, type: 2}
    - {fileID: 11400000, guid: fe9f926ad152ea642937f2a60b5c8d51, type: 2}
    - {fileID: 11400000, guid: 213cfec65e3f7ec42bc4bfd35a8ca1d9, type: 2}
    upperRightNeighbors:
    - {fileID: 11400000, guid: 6b390b80959018b459a882feeb645e81, type: 2}
    - {fileID: 11400000, guid: fe2c55cd5c54dd14bb238807ee25c5d8, type: 2}
    - {fileID: 11400000, guid: fe9f926ad152ea642937f2a60b5c8d51, type: 2}
    - {fileID: 11400000, guid: 213cfec65e3f7ec42bc4bfd35a8ca1d9, type: 2}
    middleRightNeighbors:
    - {fileID: 11400000, guid: 6b390b80959018b459a882feeb645e81, type: 2}
    - {fileID: 11400000, guid: fe2c55cd5c54dd14bb238807ee25c5d8, type: 2}
    - {fileID: 11400000, guid: fe9f926ad152ea642937f2a60b5c8d51, type: 2}
    - {fileID: 11400000, guid: 213cfec65e3f7ec42bc4bfd35a8ca1d9, type: 2}
    lowerRightNeighbors:
    - {fileID: 11400000, guid: 6b390b80959018b459a882feeb645e81, type: 2}
    - {fileID: 11400000, guid: fe2c55cd5c54dd14bb238807ee25c5d8, type: 2}
    - {fileID: 11400000, guid: fe9f926ad152ea642937f2a60b5c8d51, type: 2}
    - {fileID: 11400000, guid: 213cfec65e3f7ec42bc4bfd35a8ca1d9, type: 2}
  - tileType: {fileID: 11400000, guid: fe9f926ad152ea642937f2a60b5c8d51, type: 2}
    upperLeftNeighbors:
    - {fileID: 11400000, guid: fe2c55cd5c54dd14bb238807ee25c5d8, type: 2}
    - {fileID: 11400000, guid: fe9f926ad152ea642937f2a60b5c8d51, type: 2}
    - {fileID: 11400000, guid: 9b895d31496a042489db60955c401b07, type: 2}
    middleLeftNeighbors:
    - {fileID: 11400000, guid: fe2c55cd5c54dd14bb238807ee25c5d8, type: 2}
    - {fileID: 11400000, guid: fe9f926ad152ea642937f2a60b5c8d51, type: 2}
    - {fileID: 11400000, guid: 9b895d31496a042489db60955c401b07, type: 2}
    lowerLeftNeighbors:
    - {fileID: 11400000, guid: fe2c55cd5c54dd14bb238807ee25c5d8, type: 2}
    - {fileID: 11400000, guid: fe9f926ad152ea642937f2a60b5c8d51, type: 2}
    - {fileID: 11400000, guid: 9b895d31496a042489db60955c401b07, type: 2}
    upperRightNeighbors:
    - {fileID: 11400000, guid: fe2c55cd5c54dd14bb238807ee25c5d8, type: 2}
    - {fileID: 11400000, guid: fe9f926ad152ea642937f2a60b5c8d51, type: 2}
    - {fileID: 11400000, guid: 9b895d31496a042489db60955c401b07, type: 2}
    middleRightNeighbors:
    - {fileID: 11400000, guid: fe2c55cd5c54dd14bb238807ee25c5d8, type: 2}
    - {fileID: 11400000, guid: fe9f926ad152ea642937f2a60b5c8d51, type: 2}
    - {fileID: 11400000, guid: 9b895d31496a042489db60955c401b07, type: 2}
    lowerRightNeighbors:
    - {fileID: 11400000, guid: fe2c55cd5c54dd14bb238807ee25c5d8, type: 2}
    - {fileID: 11400000, guid: fe9f926ad152ea642937f2a60b5c8d51, type: 2}
    - {fileID: 11400000, guid: 9b895d31496a042489db60955c401b07, type: 2}
  - tileType: {fileID: 11400000, guid: 213cfec65e3f7ec42bc4bfd35a8ca1d9, type: 2}
    upperLeftNeighbors:
    - {fileID: 11400000, guid: fe2c55cd5c54dd14bb238807ee25c5d8, type: 2}
    - {fileID: 11400000, guid: 213cfec65e3f7ec42bc4bfd35a8ca1d9, type: 2}
    - {fileID: 11400000, guid: c09bf8ee07c615b46a83ce556c30c7ec, type: 2}
    middleLeftNeighbors:
    - {fileID: 11400000, guid: fe2c55cd5c54dd14bb238807ee25c5d8, type: 2}
    - {fileID: 11400000, guid: 213cfec65e3f7ec42bc4bfd35a8ca1d9, type: 2}
    - {fileID: 11400000, guid: c09bf8ee07c615b46a83ce556c30c7ec, type: 2}
    lowerLeftNeighbors:
    - {fileID: 11400000, guid: fe2c55cd5c54dd14bb238807ee25c5d8, type: 2}
    - {fileID: 11400000, guid: 213cfec65e3f7ec42bc4bfd35a8ca1d9, type: 2}
    - {fileID: 11400000, guid: c09bf8ee07c615b46a83ce556c30c7ec, type: 2}
    upperRightNeighbors:
    - {fileID: 11400000, guid: fe2c55cd5c54dd14bb238807ee25c5d8, type: 2}
    - {fileID: 11400000, guid: 213cfec65e3f7ec42bc4bfd35a8ca1d9, type: 2}
    - {fileID: 11400000, guid: c09bf8ee07c615b46a83ce556c30c7ec, type: 2}
    middleRightNeighbors:
    - {fileID: 11400000, guid: fe2c55cd5c54dd14bb238807ee25c5d8, type: 2}
    - {fileID: 11400000, guid: 213cfec65e3f7ec42bc4bfd35a8ca1d9, type: 2}
    - {fileID: 11400000, guid: c09bf8ee07c615b46a83ce556c30c7ec, type: 2}
    lowerRightNeighbors:
    - {fileID: 11400000, guid: fe2c55cd5c54dd14bb238807ee25c5d8, type: 2}
    - {fileID: 11400000, guid: 213cfec65e3f7ec42bc4bfd35a8ca1d9, type: 2}
    - {fileID: 11400000, guid: c09bf8ee07c615b46a83ce556c30c7ec, type: 2}
  - tileType: {fileID: 11400000, guid: bc2fd47b2acec9a44b53ba11bf1954b9, type: 2}
    upperLeftNeighbors:
    - {fileID: 11400000, guid: 9b895d31496a042489db60955c401b07, type: 2}
    - {fileID: 11400000, guid: bc2fd47b2acec9a44b53ba11bf1954b9, type: 2}
    - {fileID: 11400000, guid: c09bf8ee07c615b46a83ce556c30c7ec, type: 2}
    middleLeftNeighbors:
    - {fileID: 11400000, guid: 9b895d31496a042489db60955c401b07, type: 2}
    - {fileID: 11400000, guid: bc2fd47b2acec9a44b53ba11bf1954b9, type: 2}
    - {fileID: 11400000, guid: c09bf8ee07c615b46a83ce556c30c7ec, type: 2}
    lowerLeftNeighbors:
    - {fileID: 11400000, guid: 9b895d31496a042489db60955c401b07, type: 2}
    - {fileID: 11400000, guid: bc2fd47b2acec9a44b53ba11bf1954b9, type: 2}
    - {fileID: 11400000, guid: c09bf8ee07c615b46a83ce556c30c7ec, type: 2}
    upperRightNeighbors:
    - {fileID: 11400000, guid: 9b895d31496a042489db60955c401b07, type: 2}
    - {fileID: 11400000, guid: bc2fd47b2acec9a44b53ba11bf1954b9, type: 2}
    - {fileID: 11400000, guid: c09bf8ee07c615b46a83ce556c30c7ec, type: 2}
    middleRightNeighbors:
    - {fileID: 11400000, guid: 9b895d31496a042489db60955c401b07, type: 2}
    - {fileID: 11400000, guid: bc2fd47b2acec9a44b53ba11bf1954b9, type: 2}
    - {fileID: 11400000, guid: c09bf8ee07c615b46a83ce556c30c7ec, type: 2}
    lowerRightNeighbors:
    - {fileID: 11400000, guid: 9b895d31496a042489db60955c401b07, type: 2}
    - {fileID: 11400000, guid: bc2fd47b2acec9a44b53ba11bf1954b9, type: 2}
    - {fileID: 11400000, guid: c09bf8ee07c615b46a83ce556c30c7ec, type: 2}
  - tileType: {fileID: 11400000, guid: c09bf8ee07c615b46a83ce556c30c7ec, type: 2}
    upperLeftNeighbors:
    - {fileID: 11400000, guid: 6b390b80959018b459a882feeb645e81, type: 2}
    - {fileID: 11400000, guid: bc2fd47b2acec9a44b53ba11bf1954b9, type: 2}
    - {fileID: 11400000, guid: c09bf8ee07c615b46a83ce556c30c7ec, type: 2}
    - {fileID: 11400000, guid: 213cfec65e3f7ec42bc4bfd35a8ca1d9, type: 2}
    middleLeftNeighbors:
    - {fileID: 11400000, guid: 6b390b80959018b459a882feeb645e81, type: 2}
    - {fileID: 11400000, guid: bc2fd47b2acec9a44b53ba11bf1954b9, type: 2}
    - {fileID: 11400000, guid: c09bf8ee07c615b46a83ce556c30c7ec, type: 2}
    - {fileID: 11400000, guid: 213cfec65e3f7ec42bc4bfd35a8ca1d9, type: 2}
    lowerLeftNeighbors:
    - {fileID: 11400000, guid: 6b390b80959018b459a882feeb645e81, type: 2}
    - {fileID: 11400000, guid: bc2fd47b2acec9a44b53ba11bf1954b9, type: 2}
    - {fileID: 11400000, guid: c09bf8ee07c615b46a83ce556c30c7ec, type: 2}
    - {fileID: 11400000, guid: 213cfec65e3f7ec42bc4bfd35a8ca1d9, type: 2}
    upperRightNeighbors:
    - {fileID: 11400000, guid: 6b390b80959018b459a882feeb645e81, type: 2}
    - {fileID: 11400000, guid: bc2fd47b2acec9a44b53ba11bf1954b9, type: 2}
    - {fileID: 11400000, guid: c09bf8ee07c615b46a83ce556c30c7ec, type: 2}
    - {fileID: 11400000, guid: 213cfec65e3f7ec42bc4bfd35a8ca1d9, type: 2}
    middleRightNeighbors:
    - {fileID: 11400000, guid: 6b390b80959018b459a882feeb645e81, type: 2}
    - {fileID: 11400000, guid: bc2fd47b2acec9a44b53ba11bf1954b9, type: 2}
    - {fileID: 11400000, guid: c09bf8ee07c615b46a83ce556c30c7ec, type: 2}
    - {fileID: 11400000, guid: 213cfec65e3f7ec42bc4bfd35a8ca1d9, type: 2}
    lowerRightNeighbors:
    - {fileID: 11400000, guid: 6b390b80959018b459a882feeb645e81, type: 2}
    - {fileID: 11400000, guid: bc2fd47b2acec9a44b53ba11bf1954b9, type: 2}
    - {fileID: 11400000, guid: c09bf8ee07c615b46a83ce556c30c7ec, type: 2}
    - {fileID: 11400000, guid: 213cfec65e3f7ec42bc4bfd35a8ca1d9, type: 2}
  - tileType: {fileID: 11400000, guid: 9b895d31496a042489db60955c401b07, type: 2}
    upperLeftNeighbors:
    - {fileID: 11400000, guid: 6b390b80959018b459a882feeb645e81, type: 2}
    - {fileID: 11400000, guid: bc2fd47b2acec9a44b53ba11bf1954b9, type: 2}
    - {fileID: 11400000, guid: 9b895d31496a042489db60955c401b07, type: 2}
    - {fileID: 11400000, guid: fe9f926ad152ea642937f2a60b5c8d51, type: 2}
    middleLeftNeighbors:
    - {fileID: 11400000, guid: 6b390b80959018b459a882feeb645e81, type: 2}
    - {fileID: 11400000, guid: bc2fd47b2acec9a44b53ba11bf1954b9, type: 2}
    - {fileID: 11400000, guid: 9b895d31496a042489db60955c401b07, type: 2}
    - {fileID: 11400000, guid: fe9f926ad152ea642937f2a60b5c8d51, type: 2}
    lowerLeftNeighbors:
    - {fileID: 11400000, guid: 6b390b80959018b459a882feeb645e81, type: 2}
    - {fileID: 11400000, guid: bc2fd47b2acec9a44b53ba11bf1954b9, type: 2}
    - {fileID: 11400000, guid: 9b895d31496a042489db60955c401b07, type: 2}
    - {fileID: 11400000, guid: fe9f926ad152ea642937f2a60b5c8d51, type: 2}
    upperRightNeighbors:
    - {fileID: 11400000, guid: 6b390b80959018b459a882feeb645e81, type: 2}
    - {fileID: 11400000, guid: bc2fd47b2acec9a44b53ba11bf1954b9, type: 2}
    - {fileID: 11400000, guid: 9b895d31496a042489db60955c401b07, type: 2}
    - {fileID: 11400000, guid: fe9f926ad152ea642937f2a60b5c8d51, type: 2}
    middleRightNeighbors:
    - {fileID: 11400000, guid: 6b390b80959018b459a882feeb645e81, type: 2}
    - {fileID: 11400000, guid: bc2fd47b2acec9a44b53ba11bf1954b9, type: 2}
    - {fileID: 11400000, guid: 9b895d31496a042489db60955c401b07, type: 2}
    - {fileID: 11400000, guid: fe9f926ad152ea642937f2a60b5c8d51, type: 2}
    lowerRightNeighbors:
    - {fileID: 11400000, guid: 6b390b80959018b459a882feeb645e81, type: 2}
    - {fileID: 11400000, guid: bc2fd47b2acec9a44b53ba11bf1954b9, type: 2}
    - {fileID: 11400000, guid: 9b895d31496a042489db60955c401b07, type: 2}
    - {fileID: 11400000, guid: fe9f926ad152ea642937f2a60b5c8d51, type: 2}
  probabilityCalculator: {fileID: 11400000, guid: 186d57129e9c0ce489e437f77a7f5236, type: 2}
--- !u!1 &705507993
GameObject:
  m_ObjectHideFlags: 0
  m_CorrespondingSourceObject: {fileID: 0}
  m_PrefabInstance: {fileID: 0}
  m_PrefabAsset: {fileID: 0}
  serializedVersion: 6
  m_Component:
  - component: {fileID: 705507995}
  - component: {fileID: 705507994}
  m_Layer: 0
  m_Name: Directional Light
  m_TagString: Untagged
  m_Icon: {fileID: 0}
  m_NavMeshLayer: 0
  m_StaticEditorFlags: 0
  m_IsActive: 1
--- !u!108 &705507994
Light:
  m_ObjectHideFlags: 0
  m_CorrespondingSourceObject: {fileID: 0}
  m_PrefabInstance: {fileID: 0}
  m_PrefabAsset: {fileID: 0}
  m_GameObject: {fileID: 705507993}
  m_Enabled: 1
  serializedVersion: 10
  m_Type: 1
  m_Shape: 0
  m_Color: {r: 1, g: 0.95686275, b: 0.8392157, a: 1}
  m_Intensity: 1
  m_Range: 10
  m_SpotAngle: 30
  m_InnerSpotAngle: 21.80208
  m_CookieSize: 10
  m_Shadows:
    m_Type: 2
    m_Resolution: -1
    m_CustomResolution: -1
    m_Strength: 1
    m_Bias: 0.05
    m_NormalBias: 0.4
    m_NearPlane: 0.2
    m_CullingMatrixOverride:
      e00: 1
      e01: 0
      e02: 0
      e03: 0
      e10: 0
      e11: 1
      e12: 0
      e13: 0
      e20: 0
      e21: 0
      e22: 1
      e23: 0
      e30: 0
      e31: 0
      e32: 0
      e33: 1
    m_UseCullingMatrixOverride: 0
  m_Cookie: {fileID: 0}
  m_DrawHalo: 0
  m_Flare: {fileID: 0}
  m_RenderMode: 0
  m_CullingMask:
    serializedVersion: 2
    m_Bits: 4294967295
  m_RenderingLayerMask: 1
  m_Lightmapping: 1
  m_LightShadowCasterMode: 0
  m_AreaSize: {x: 1, y: 1}
  m_BounceIntensity: 1
  m_ColorTemperature: 6570
  m_UseColorTemperature: 0
  m_BoundingSphereOverride: {x: 0, y: 0, z: 0, w: 0}
  m_UseBoundingSphereOverride: 0
  m_UseViewFrustumForShadowCasterCull: 1
  m_ShadowRadius: 0
  m_ShadowAngle: 0
--- !u!4 &705507995
Transform:
  m_ObjectHideFlags: 0
  m_CorrespondingSourceObject: {fileID: 0}
  m_PrefabInstance: {fileID: 0}
  m_PrefabAsset: {fileID: 0}
  m_GameObject: {fileID: 705507993}
  serializedVersion: 2
  m_LocalRotation: {x: 0.40821788, y: -0.23456968, z: 0.10938163, w: 0.8754261}
  m_LocalPosition: {x: 0, y: 3, z: 0}
  m_LocalScale: {x: 1, y: 1, z: 1}
  m_ConstrainProportionsScale: 0
  m_Children: []
  m_Father: {fileID: 0}
  m_LocalEulerAnglesHint: {x: 50, y: -30, z: 0}
--- !u!1 &963194225
GameObject:
  m_ObjectHideFlags: 0
  m_CorrespondingSourceObject: {fileID: 0}
  m_PrefabInstance: {fileID: 0}
  m_PrefabAsset: {fileID: 0}
  serializedVersion: 6
  m_Component:
  - component: {fileID: 963194228}
  - component: {fileID: 963194227}
  - component: {fileID: 963194226}
  m_Layer: 0
  m_Name: Main Camera
  m_TagString: MainCamera
  m_Icon: {fileID: 0}
  m_NavMeshLayer: 0
  m_StaticEditorFlags: 0
  m_IsActive: 1
--- !u!81 &963194226
AudioListener:
  m_ObjectHideFlags: 0
  m_CorrespondingSourceObject: {fileID: 0}
  m_PrefabInstance: {fileID: 0}
  m_PrefabAsset: {fileID: 0}
  m_GameObject: {fileID: 963194225}
  m_Enabled: 1
--- !u!20 &963194227
Camera:
  m_ObjectHideFlags: 0
  m_CorrespondingSourceObject: {fileID: 0}
  m_PrefabInstance: {fileID: 0}
  m_PrefabAsset: {fileID: 0}
  m_GameObject: {fileID: 963194225}
  m_Enabled: 1
  serializedVersion: 2
  m_ClearFlags: 1
  m_BackGroundColor: {r: 0.19215687, g: 0.3019608, b: 0.4745098, a: 0}
  m_projectionMatrixMode: 1
  m_GateFitMode: 2
  m_FOVAxisMode: 0
  m_Iso: 200
  m_ShutterSpeed: 0.005
  m_Aperture: 16
  m_FocusDistance: 10
  m_FocalLength: 50
  m_BladeCount: 5
  m_Curvature: {x: 2, y: 11}
  m_BarrelClipping: 0.25
  m_Anamorphism: 0
  m_SensorSize: {x: 36, y: 24}
  m_LensShift: {x: 0, y: 0}
  m_NormalizedViewPortRect:
    serializedVersion: 2
    x: 0
    y: 0
    width: 1
    height: 1
  near clip plane: 0.3
  far clip plane: 1000
  field of view: 60
  orthographic: 0
  orthographic size: 5
  m_Depth: -1
  m_CullingMask:
    serializedVersion: 2
    m_Bits: 4294967295
  m_RenderingPath: -1
  m_TargetTexture: {fileID: 0}
  m_TargetDisplay: 0
  m_TargetEye: 3
  m_HDR: 1
  m_AllowMSAA: 1
  m_AllowDynamicResolution: 0
  m_ForceIntoRT: 0
  m_OcclusionCulling: 1
  m_StereoConvergence: 10
  m_StereoSeparation: 0.022
--- !u!4 &963194228
Transform:
  m_ObjectHideFlags: 0
  m_CorrespondingSourceObject: {fileID: 0}
  m_PrefabInstance: {fileID: 0}
  m_PrefabAsset: {fileID: 0}
  m_GameObject: {fileID: 963194225}
  serializedVersion: 2
  m_LocalRotation: {x: 0, y: 0, z: 0, w: 1}
  m_LocalPosition: {x: 0, y: 1, z: -10}
  m_LocalScale: {x: 1, y: 1, z: 1}
  m_ConstrainProportionsScale: 0
  m_Children: []
  m_Father: {fileID: 0}
  m_LocalEulerAnglesHint: {x: 0, y: 0, z: 0}
--- !u!1 &1080691360
GameObject:
  m_ObjectHideFlags: 0
  m_CorrespondingSourceObject: {fileID: 0}
  m_PrefabInstance: {fileID: 0}
  m_PrefabAsset: {fileID: 0}
  serializedVersion: 6
  m_Component:
  - component: {fileID: 1080691361}
  - component: {fileID: 1080691363}
  - component: {fileID: 1080691362}
  m_Layer: 0
  m_Name: Tilemap
  m_TagString: Untagged
  m_Icon: {fileID: 0}
  m_NavMeshLayer: 0
  m_StaticEditorFlags: 0
  m_IsActive: 1
--- !u!4 &1080691361
Transform:
  m_ObjectHideFlags: 0
  m_CorrespondingSourceObject: {fileID: 0}
  m_PrefabInstance: {fileID: 0}
  m_PrefabAsset: {fileID: 0}
  m_GameObject: {fileID: 1080691360}
  serializedVersion: 2
  m_LocalRotation: {x: -0, y: -0, z: -0, w: 1}
  m_LocalPosition: {x: 0, y: 0, z: 0}
  m_LocalScale: {x: 1, y: 1, z: 1}
  m_ConstrainProportionsScale: 0
  m_Children: []
  m_Father: {fileID: 475323764}
  m_LocalEulerAnglesHint: {x: 0, y: 0, z: 0}
--- !u!483693784 &1080691362
TilemapRenderer:
  m_ObjectHideFlags: 0
  m_CorrespondingSourceObject: {fileID: 0}
  m_PrefabInstance: {fileID: 0}
  m_PrefabAsset: {fileID: 0}
  m_GameObject: {fileID: 1080691360}
  m_Enabled: 1
  m_CastShadows: 0
  m_ReceiveShadows: 0
  m_DynamicOccludee: 1
  m_StaticShadowCaster: 0
  m_MotionVectors: 1
  m_LightProbeUsage: 0
  m_ReflectionProbeUsage: 0
  m_RayTracingMode: 0
  m_RayTraceProcedural: 0
  m_RenderingLayerMask: 1
  m_RendererPriority: 0
  m_Materials:
  - {fileID: 10754, guid: 0000000000000000f000000000000000, type: 0}
  m_StaticBatchInfo:
    firstSubMesh: 0
    subMeshCount: 0
  m_StaticBatchRoot: {fileID: 0}
  m_ProbeAnchor: {fileID: 0}
  m_LightProbeVolumeOverride: {fileID: 0}
  m_ScaleInLightmap: 1
  m_ReceiveGI: 1
  m_PreserveUVs: 0
  m_IgnoreNormalsForChartDetection: 0
  m_ImportantGI: 0
  m_StitchLightmapSeams: 1
  m_SelectedEditorRenderState: 0
  m_MinimumChartSize: 4
  m_AutoUVMaxDistance: 0.5
  m_AutoUVMaxAngle: 89
  m_LightmapParameters: {fileID: 0}
  m_SortingLayerID: 0
  m_SortingLayer: 0
  m_SortingOrder: 0
  m_ChunkSize: {x: 32, y: 32, z: 32}
  m_ChunkCullingBounds: {x: 0, y: 0, z: 0}
  m_MaxChunkCount: 16
  m_MaxFrameAge: 16
  m_SortOrder: 0
  m_Mode: 0
  m_DetectChunkCullingBounds: 0
  m_MaskInteraction: 0
--- !u!1839735485 &1080691363
Tilemap:
  m_ObjectHideFlags: 0
  m_CorrespondingSourceObject: {fileID: 0}
  m_PrefabInstance: {fileID: 0}
  m_PrefabAsset: {fileID: 0}
  m_GameObject: {fileID: 1080691360}
  m_Enabled: 1
  m_Tiles: {}
  m_AnimatedTiles: {}
  m_TileAssetArray:
  - m_RefCount: 0
    m_Data: {fileID: 0}
  m_TileSpriteArray:
  - m_RefCount: 0
    m_Data: {fileID: 0}
  m_TileMatrixArray:
  - m_RefCount: 0
    m_Data:
      e00: 5.806513e+37
      e01: 0
      e02: 1.0285598e-38
      e03: 1.0285598e-38
      e10: 1.44e-43
      e11: 0
      e12: 7.33e-43
      e13: 7.33e-43
      e20: 3.5054542e+19
      e21: -4.957037e+37
      e22: -4.3085708e-19
      e23: -6115.4062
      e30: 4.5905e-41
      e31: 7.36e-43
      e32: 7.33e-43
      e33: 7.33e-43
  m_TileColorArray:
  - m_RefCount: 0
    m_Data: {r: 2.7488e-41, g: 2.7488e-41, b: 2.7488e-41, a: 2.7488e-41}
  m_TileObjectToInstantiateArray: []
  m_AnimationFrameRate: 1
  m_Color: {r: 1, g: 1, b: 1, a: 1}
  m_Origin: {x: 0, y: -2, z: 0}
  m_Size: {x: 1, y: 2, z: 1}
  m_TileAnchor: {x: 0, y: 0, z: 0}
  m_TileOrientation: 0
  m_TileOrientationMatrix:
    e00: 1
    e01: 0
    e02: 0
    e03: 0
    e10: 0
    e11: 1
    e12: 0
    e13: 0
    e20: 0
    e21: 0
    e22: 1
    e23: 0
    e30: 0
    e31: 0
    e32: 0
    e33: 1
--- !u!1 &1514216296
GameObject:
  m_ObjectHideFlags: 0
  m_CorrespondingSourceObject: {fileID: 0}
  m_PrefabInstance: {fileID: 0}
  m_PrefabAsset: {fileID: 0}
  serializedVersion: 6
  m_Component:
  - component: {fileID: 1514216298}
  - component: {fileID: 1514216297}
  m_Layer: 0
  m_Name: Basic Hex Tile
  m_TagString: Untagged
  m_Icon: {fileID: 0}
  m_NavMeshLayer: 0
  m_StaticEditorFlags: 0
  m_IsActive: 0
--- !u!212 &1514216297
SpriteRenderer:
  m_ObjectHideFlags: 0
  m_CorrespondingSourceObject: {fileID: 0}
  m_PrefabInstance: {fileID: 0}
  m_PrefabAsset: {fileID: 0}
  m_GameObject: {fileID: 1514216296}
  m_Enabled: 1
  m_CastShadows: 0
  m_ReceiveShadows: 0
  m_DynamicOccludee: 1
  m_StaticShadowCaster: 0
  m_MotionVectors: 1
  m_LightProbeUsage: 1
  m_ReflectionProbeUsage: 1
  m_RayTracingMode: 0
  m_RayTraceProcedural: 0
  m_RenderingLayerMask: 1
  m_RendererPriority: 0
  m_Materials:
  - {fileID: 10754, guid: 0000000000000000f000000000000000, type: 0}
  m_StaticBatchInfo:
    firstSubMesh: 0
    subMeshCount: 0
  m_StaticBatchRoot: {fileID: 0}
  m_ProbeAnchor: {fileID: 0}
  m_LightProbeVolumeOverride: {fileID: 0}
  m_ScaleInLightmap: 1
  m_ReceiveGI: 1
  m_PreserveUVs: 0
  m_IgnoreNormalsForChartDetection: 0
  m_ImportantGI: 0
  m_StitchLightmapSeams: 1
  m_SelectedEditorRenderState: 0
  m_MinimumChartSize: 4
  m_AutoUVMaxDistance: 0.5
  m_AutoUVMaxAngle: 89
  m_LightmapParameters: {fileID: 0}
  m_SortingLayerID: 0
  m_SortingLayer: 0
  m_SortingOrder: 0
  m_Sprite: {fileID: -2135585597343286014, guid: 4b2a04fdbe0ef4d8da8f90eaca817cd1, type: 3}
  m_Color: {r: 1, g: 1, b: 1, a: 1}
  m_FlipX: 0
  m_FlipY: 0
  m_DrawMode: 0
  m_Size: {x: 0.8828125, y: 1}
  m_AdaptiveModeThreshold: 0.5
  m_SpriteTileMode: 0
  m_WasSpriteAssigned: 1
  m_MaskInteraction: 0
  m_SpriteSortPoint: 0
--- !u!4 &1514216298
Transform:
  m_ObjectHideFlags: 0
  m_CorrespondingSourceObject: {fileID: 0}
  m_PrefabInstance: {fileID: 0}
  m_PrefabAsset: {fileID: 0}
  m_GameObject: {fileID: 1514216296}
  serializedVersion: 2
  m_LocalRotation: {x: 0, y: 0, z: 0, w: 1}
  m_LocalPosition: {x: 0, y: 0, z: 0}
  m_LocalScale: {x: 1, y: 1, z: 1}
  m_ConstrainProportionsScale: 0
  m_Children: []
  m_Father: {fileID: 0}
  m_LocalEulerAnglesHint: {x: 0, y: 0, z: 0}
--- !u!1660057539 &9223372036854775807
SceneRoots:
  m_ObjectHideFlags: 0
  m_Roots:
  - {fileID: 963194228}
  - {fileID: 705507995}
  - {fileID: 475323764}
  - {fileID: 1514216298}
